@article{stimson1978interpreting,
  title={Interpreting polynomial regression},
  author={Stimson, James A and Carmines, Edward G and Zeller, Richard A},
  journal={Sociological Methods \& Research},
  volume={6},
  number={4},
  pages={515--524},
  year={1978},
  publisher={Sage Publications Sage CA: Thousand Oaks, CA}
}

 

@InProceedings{billard2002symbolic,
	author="Billard, Lynne
	and Diday, Edwin",
	editor="Jajuga, Krzysztof
	and Soko{\l}owski, Andrzej
	and Bock, Hans-Hermann",
	title="Symbolic Regression Analysis",
	booktitle="Classification, Clustering, and Data Analysis",
	year="2002",
	publisher="Springer Berlin Heidelberg",
	address="Berlin, Heidelberg",
	pages="281--288",
	abstract="Billard and Diday (2000) developed procedures for fitting a regression equation to symbolic interval-valued data. The present paper compares that approach with several possible alternative models using classical techniques; the symbolic regression approach is preferred. Thence, a regression approach is provided for symbolic histogram-valued data. The results are illustrated with a medical data set.",
	isbn="978-3-642-56181-8"
}

@book{koza1994genetic,
	title={Genetic programming II},
	author={Koza, John R and others},
	volume={17},
	year={1994},
	publisher={MIT press Cambridge}
}


@inproceedings{augusto2000symbolic,
	title={Symbolic regression via genetic programming},
	author={Augusto, Douglas Adriano and Barbosa, Helio JC},
	booktitle={Proceedings. Vol. 1. Sixth Brazilian symposium on neural networks},
	pages={173--178},
	year={2000},
	organization={IEEE}
}

@article{karaboga2012artificial,
	title={Artificial bee colony programming for symbolic regression},
	author={Karaboga, Dervis and Ozturk, Celal and Karaboga, Nurhan and Gorkemli, Beyza},
	journal={Information Sciences},
	volume={209},
	pages={1--15},
	year={2012},
	publisher={Elsevier}
}

 @article{udrescu2020ai,
 	title={AI Feynman: A physics-inspired method for symbolic regression},
 	author={Udrescu, Silviu-Marian and Tegmark, Max},
 	journal={Science Advances},
 	volume={6},
 	number={16},
 	pages={eaay2631},
 	year={2020},
 	publisher={American Association for the Advancement of Science}
 }
 
 @article{kartelj2023rils,
 	title={RILS-ROLS: robust symbolic regression via iterated local search and ordinary least squares},
 	author={Kartelj, Aleksandar and Djukanovi{\'c}, Marko},
 	journal={Journal of Big Data},
 	volume={10},
 	number={1},
 	pages={71},
 	year={2023},
 	publisher={Springer}
 }
 
 @inproceedings{burlacu2020operon,
 	title={Operon C++ an efficient genetic programming framework for symbolic regression},
 	author={Burlacu, Bogdan and Kronberger, Gabriel and Kommenda, Michael},
 	booktitle={Proceedings of the 2020 Genetic and Evolutionary Computation Conference Companion},
 	pages={1562--1570},
 	year={2020}
 }
 
 @inproceedings{virgolin2019linear,
 	title={Linear scaling with and within semantic backpropagation-based genetic programming for symbolic regression},
 	author={Virgolin, Marco and Alderliesten, Tanja and Bosman, Peter AN},
 	booktitle={Proceedings of the genetic and evolutionary computation conference},
 	pages={1084--1092},
 	year={2019}
 }
 
@article{scikit-learn,
	title={Scikit-learn: Machine Learning in {P}ython},
	author={Pedregosa, F. and Varoquaux, G. and Gramfort, A. and Michel, V.
	and Thirion, B. and Grisel, O. and Blondel, M. and Prettenhofer, P.
	and Weiss, R. and Dubourg, V. and Vanderplas, J. and Passos, A. and
	Cournapeau, D. and Brucher, M. and Perrot, M. and Duchesnay, E.},
	journal={Journal of Machine Learning Research},
	volume={12},
	pages={2825--2830},
	year={2011}
}
